<collection xmlns="http://www.loc.gov/MARC21/slim">
<record>
  <leader>01708nam0a22003251i 450 </leader>
  <controlfield tag="001">IT\ICCU\CNCE\078481</controlfield>
  <controlfield tag="005">20140402000000.0</controlfield>
  <datafield tag="012" ind1=" " ind2=" ">
    <subfield code="a">baa- inat nesa quua (C) 1526 (R)</subfield>
    <subfield code="2">fei</subfield>
  </datafield>
  <datafield tag="100" ind1=" " ind2=" ">
    <subfield code="a">20140402d1526        0itac0103    ba</subfield>
  </datafield>
  <datafield tag="101" ind1=" " ind2=" ">
    <subfield code="a">LAT</subfield>
  </datafield>
  <datafield tag="102" ind1=" " ind2=" ">
    <subfield code="a">IT</subfield>
  </datafield>
  <datafield tag="200" ind1="1" ind2=" ">
    <subfield code="a">De Romanorum magistratibus. Idem de Romanorum sacerdotiis. Idem de legibus &amp; de iuris peritis. Lucii Fenestellae de Romanorum magistratibus. Idem de Romanorum sacerdotiis</subfield>
  </datafield>
  <datafield tag="210" ind1=" " ind2=" ">
    <subfield code="e">Brixiae</subfield>
    <subfield code="g">per Ioan. An. brixianum</subfield>
    <subfield code="h">1526</subfield>
  </datafield>
  <datafield tag="215" ind1=" " ind2=" ">
    <subfield code="a">\44! c.</subfield>
    <subfield code="d">4ʻ</subfield>
  </datafield>
  <datafield tag="620" ind1=" " ind2=" ">
    <subfield code="a">IT</subfield>
    <subfield code="d">Brescia</subfield>
  </datafield>
  <datafield tag="700" ind1=" " ind2="1">
    <subfield code="a">Leto,</subfield>
    <subfield code="b">Pomponio</subfield>
    <subfield code="3">IT\ICCU\CNCA\005162</subfield>
  </datafield>
  <datafield tag="702" ind1=" " ind2="1">
    <subfield code="a">Fiocco,</subfield>
    <subfield code="b">Andrea Domenico</subfield>
    <subfield code="3">IT\ICCU\CNCA\005405</subfield>
  </datafield>
  <datafield tag="712" ind1="0" ind2="0">
    <subfield code="a">Bresciano, Giovanni Antonio</subfield>
    <subfield code="3">IT\ICCU\CNCT\000209</subfield>
    <subfield code="4">650</subfield>
  </datafield>
  <datafield tag="790" ind1=" " ind2="1">
    <subfield code="a">Leto,</subfield>
    <subfield code="b">Giulio Pomponio</subfield>
    <subfield code="3">IT\ICCU\CNCA\020236</subfield>
    <subfield code="z">Leto, Pomponio</subfield>
  </datafield>
  <datafield tag="790" ind1=" " ind2="1">
    <subfield code="a">Pomponius Laetus,</subfield>
    <subfield code="b">Julius</subfield>
    <subfield code="3">IT\ICCU\CNCA\020237</subfield>
    <subfield code="z">Leto, Pomponio</subfield>
  </datafield>
  <datafield tag="790" ind1=" " ind2="1">
    <subfield code="a">Fenestella,</subfield>
    <subfield code="b">Lucius</subfield>
    <subfield code="3">IT\ICCU\CNCA\014041</subfield>
    <subfield code="z">Fiocco, Andrea Domenico</subfield>
  </datafield>
  <datafield tag="790" ind1=" " ind2="1">
    <subfield code="a">Floccus,</subfield>
    <subfield code="b">Andreas Dominicus</subfield>
    <subfield code="3">IT\ICCU\CNCA\019078</subfield>
    <subfield code="z">Fiocco, Andrea Domenico</subfield>
  </datafield>
  <datafield tag="791" ind1="0" ind2="0">
    <subfield code="a">Morandi, Giovanni Antonio</subfield>
    <subfield code="3">IT\ICCU\CNCT\001137</subfield>
    <subfield code="z">Bresciano, Giovanni Antonio</subfield>
  </datafield>
  <datafield tag="791" ind1="0" ind2="0">
    <subfield code="a">Gandinas, Ioannes Antonius</subfield>
    <subfield code="3">IT\ICCU\CNCT\002378</subfield>
    <subfield code="z">Bresciano, Giovanni Antonio</subfield>
  </datafield>
  <datafield tag="791" ind1="0" ind2="0">
    <subfield code="a">Cegulus, Iohannes Antonius</subfield>
    <subfield code="3">IT\ICCU\CNCT\003064</subfield>
    <subfield code="z">Bresciano, Giovanni Antonio</subfield>
  </datafield>
  <datafield tag="791" ind1="0" ind2="0">
    <subfield code="a">Gandino, Ioannes Antonius de</subfield>
    <subfield code="3">IT\ICCU\CNCT\003654</subfield>
    <subfield code="z">Bresciano, Giovanni Antonio</subfield>
  </datafield>
  <datafield tag="791" ind1="0" ind2="0">
    <subfield code="a">Brixianus, Ioannes Antonius</subfield>
    <subfield code="3">IT\ICCU\CNCT\004774</subfield>
    <subfield code="z">Bresciano, Giovanni Antonio</subfield>
  </datafield>
  <datafield tag="791" ind1="0" ind2="0">
    <subfield code="a">Morandus, Ioannes Antonius</subfield>
    <subfield code="3">IT\ICCU\CNCT\004775</subfield>
    <subfield code="z">Bresciano, Giovanni Antonio</subfield>
  </datafield>
  <datafield tag="801" ind1=" " ind2="3">
    <subfield code="a">IT</subfield>
    <subfield code="b">ICCU</subfield>
    <subfield code="c">20201115</subfield>
  </datafield>
  <datafield tag="899" ind1=" " ind2=" ">
    <subfield code="a">Biblioteca comunale Ariostea. Ferrara</subfield>
    <subfield code="1">FE0017</subfield>
    <subfield code="2">UFE AR</subfield>
  </datafield>
</record>
</collection>
